<record><leader>00000cas a22000007a 4500</leader><controlfield tag="001">12742235</controlfield><controlfield tag="007">hd adb---buuu</controlfield><controlfield tag="008">851031d18131906mauwr nea     0    0eng d</controlfield><datafield ind1=" " ind2=" " tag="010"><subfield code="a">sn 92025317 </subfield></datafield><datafield ind1=" " ind2=" " tag="040"><subfield code="a">DLM</subfield><subfield code="b">eng</subfield><subfield code="c">DLM</subfield><subfield code="d">OCL</subfield><subfield code="d">HUL</subfield><subfield code="d">HLS</subfield><subfield code="d">SYB</subfield><subfield code="d">OCLCQ</subfield><subfield code="d">OCLCF</subfield><subfield code="d">OCLCO</subfield><subfield code="d">OCLCQ</subfield></datafield><datafield ind1=" " ind2=" " tag="012"><subfield code="i">9202</subfield></datafield><datafield ind1=" " ind2=" " tag="042"><subfield code="a">msc</subfield></datafield><datafield ind1=" " ind2=" " tag="043"><subfield code="a">n-us-ma</subfield></datafield><datafield ind1=" " ind2="4" tag="050"><subfield code="a">AN27.P58</subfield><subfield code="b">S8</subfield></datafield><datafield ind1="0" ind2=" " tag="130"><subfield code="a">Pittsfield sun (Pittsfield, Mass. : 1813)</subfield></datafield><datafield ind1="1" ind2="4" tag="245"><subfield code="a">The Pittsfield sun.</subfield></datafield><datafield ind1=" " ind2=" " tag="260"><subfield code="a">Pittsfield, Mass. :</subfield><subfield code="b">Phinehas Allen,</subfield><subfield code="c">1813-</subfield></datafield><datafield ind1=" " ind2=" " tag="300"><subfield code="a">volumes :</subfield><subfield code="b">illustrations ;</subfield><subfield code="c">47-69 cm</subfield></datafield><datafield ind1=" " ind2=" " tag="310"><subfield code="a">Weekly</subfield></datafield><datafield ind1=" " ind2=" " tag="336"><subfield code="a">text</subfield><subfield code="b">txt</subfield><subfield code="2">rdacontent</subfield></datafield><datafield ind1=" " ind2=" " tag="337"><subfield code="a">microform</subfield><subfield code="b">h</subfield><subfield code="2">rdamedia</subfield></datafield><datafield ind1=" " ind2=" " tag="338"><subfield code="a">microfilm reel</subfield><subfield code="b">hd</subfield><subfield code="2">rdacarrier</subfield></datafield><datafield ind1="0" ind2=" " tag="362"><subfield code="a">Vol. 13, no. 670 (July 22, 1813)-</subfield></datafield><datafield ind1="1" ind2=" " tag="362"><subfield code="a">Ceased with Sept. 27, 1906 issue.</subfield><subfield code="z">Cf. Gregory, W. Amer. newspapers.</subfield></datafield><datafield ind1=" " ind2=" " tag="500"><subfield code="a">Published laws and public treaties of the United States "by authority," 1829-&lt;1870&gt;.</subfield></datafield><datafield ind1=" " ind2=" " tag="500"><subfield code="a">"Republican," 1813-&lt;1832&gt;; "Democratic Republican," 1833; "Democratic," 1834-&lt;1906&gt;.</subfield></datafield><datafield ind1=" " ind2=" " tag="500"><subfield code="a">"Devoted to ... Jeffersonian Republican principles."</subfield></datafield><datafield ind1=" " ind2=" " tag="515"><subfield code="a">Numbering sometimes irregular.</subfield></datafield><datafield ind1=" " ind2=" " tag="515"><subfield code="a">Vol. 73, no. 33 (Mar. 26, 1873)-v. 76, no. 47 (June 28, 1876) also called 3773-3927.</subfield></datafield><datafield ind1=" " ind2=" " tag="525"><subfield code="a">Supplements accompany some issues.</subfield></datafield><datafield ind1=" " ind2=" " tag="533"><subfield code="a">Microfilm.</subfield><subfield code="b">New York :</subfield><subfield code="c">Readex.</subfield><subfield code="e">microfilm reels ; 35 mm.</subfield><subfield code="f">(Early American newspapers).</subfield></datafield><datafield ind1=" " ind2="0" tag="651"><subfield code="a">Pittsfield (Mass.)</subfield><subfield code="v">Newspapers.</subfield></datafield><datafield ind1=" " ind2="0" tag="651"><subfield code="a">Berkshire County (Mass.)</subfield><subfield code="v">Newspapers.</subfield></datafield><datafield ind1=" " ind2="7" tag="651"><subfield code="a">Massachusetts</subfield><subfield code="z">Berkshire County.</subfield><subfield code="2">fast</subfield><subfield code="0">(OCoLC)fst01206663</subfield></datafield><datafield ind1=" " ind2="7" tag="651"><subfield code="a">Massachusetts</subfield><subfield code="z">Pittsfield.</subfield><subfield code="2">fast</subfield><subfield code="0">(OCoLC)fst01217528</subfield></datafield><datafield ind1=" " ind2="7" tag="655"><subfield code="a">Newspapers.</subfield><subfield code="2">fast</subfield><subfield code="0">(OCoLC)fst01423814</subfield></datafield><datafield ind1=" " ind2=" " tag="752"><subfield code="a">United States</subfield><subfield code="b">Massachusetts</subfield><subfield code="c">Berkshire</subfield><subfield code="d">Pittsfield.</subfield></datafield><datafield ind1="0" ind2=" " tag="776"><subfield code="t">Pittsfield sun (Pittsfield, Mass. : 1813)</subfield><subfield code="w">(DLC)sn 83020911</subfield></datafield><datafield ind1="0" ind2="0" tag="780"><subfield code="t">Sun (Pittsfield, Mass. : 1807)</subfield></datafield><datafield ind1=" " ind2="0" tag="830"><subfield code="a">Early American newspapers.</subfield></datafield><datafield ind1=" " ind2=" " tag="850"><subfield code="a">MH</subfield></datafield><datafield ind1="1" ind2=" " tag="029"><subfield code="a">AU@</subfield><subfield code="b">000006824617</subfield></datafield></record>